<?xml version="1.0" encoding="UTF-8"?><collection xmlns="http://www.loc.gov/MARC21/slim"><record><leader>00301nam--2200121-i-4500</leader><controlfield tag="001">000037836</controlfield><controlfield tag="002">20161230</controlfield><controlfield tag="005">20161230201041</controlfield><controlfield tag="008">060222s1000------------r-----000-0-eng-d</controlfield><datafield ind1=" " ind2=" " tag="100"><subfield code="a">Rankama, Kalervo</subfield></datafield><datafield ind1=" " ind2=" " tag="245"><subfield code="a">Isotope geology</subfield></datafield><datafield ind1=" " ind2=" " tag="260"><subfield code="a">London, Pergamon Press Ltd., 1954-56, Xvi + 535p</subfield></datafield><datafield ind1=" " ind2=" " tag="852"><subfield code="a">10655</subfield></datafield></record></collection>